@InProceedings{PaleoSketch,
  author = {Brandon Paulson Brandon and Tracy Hammond},
  title = {PaleoSketch: Accurate Primitive Sketch Recognition and Beautification},
  booktitle = {Proceedings of the 13th International Conference on Intelligent User Interfaces},
  series = {IUI '08},
  year = {2008},
  isbn = {978-1-59593-987-6},
  location = {Gran Canaria, Spain},
  pages = {1--10},
  numpages = {10},
  url = {http://doi.acm.org/10.1145/1378773.1378775},
  doi = {10.1145/1378773.1378775},
  acmid = {1378775},
  publisher = {ACM},
  address = {New York, NY, USA},
  keywords = {low-level processing, pen-based interfaces, shape beautification, sketch recognition},
}
